<?xml version='1.0' encoding='utf-8'?>
<record xmlns="http://www.loc.gov/MARC21/slim" xmlns:xsi="http://www.w3.org/2001/XMLSchema-instance">
  <leader>00000nam^a2200193^^^45e0</leader>
  <controlfield tag="001">005730314</controlfield>
  <controlfield tag="005">20090923131815.0</controlfield>
  <controlfield tag="006">m^^^^^^^^d^^^^^^^^</controlfield>
  <controlfield tag="007">cr^bn^---auaua</controlfield>
  <controlfield tag="008">991020s1943^^^^mauabch^^^^^^^000^0ceng^^</controlfield>
  <datafield tag="010" ind1=" " ind2=" ">
    <subfield code="a">56053561</subfield>
  </datafield>
  <datafield tag="035" ind1=" " ind2=" ">
    <subfield code="a">(OCoLC)04124320</subfield>
  </datafield>
  <datafield tag="035" ind1=" " ind2=" ">
    <subfield code="a">sdr-wu4759706</subfield>
  </datafield>
  <datafield tag="040" ind1=" " ind2=" ">
    <subfield code="a">DLC</subfield>
    <subfield code="c">RRR</subfield>
    <subfield code="d">WIH</subfield>
    <subfield code="d">MiU-H</subfield>
  </datafield>
  <datafield tag="050" ind1="0" ind2=" ">
    <subfield code="a">CS71</subfield>
    <subfield code="b">.C643 1943</subfield>
  </datafield>
  <datafield tag="245" ind1="0" ind2="4">
    <subfield code="a">The story of the family of John Clough of Salisbury, Massachusetts /</subfield>
    <subfield code="c">Eva Clough Speare, editor.</subfield>
  </datafield>
  <datafield tag="246" ind1="1" ind2="4">
    <subfield code="a">Clough</subfield>
  </datafield>
  <datafield tag="260" ind1=" " ind2=" ">
    <subfield code="a">[S.l.] :</subfield>
    <subfield code="b">John Clough Genealogical Society,</subfield>
    <subfield code="c">[1943]</subfield>
    <subfield code="e">(Littleton, N.H. :</subfield>
    <subfield code="f">Courier Print. Co.)</subfield>
  </datafield>
  <datafield tag="300" ind1=" " ind2=" ">
    <subfield code="a">256 p., [16] leaves of plates :</subfield>
    <subfield code="b">ill., ports., maps (1 fold. inserted ), col. coat of arms, facsims. ;</subfield>
    <subfield code="c">23 cm.</subfield>
  </datafield>
  <datafield tag="538" ind1=" " ind2=" ">
    <subfield code="a">Mode of access: Internet.</subfield>
  </datafield>
  <datafield tag="590" ind1=" " ind2=" ">
    <subfield code="a">BHL copy lacks folded map.</subfield>
  </datafield>
  <datafield tag="600" ind1="3" ind2="0">
    <subfield code="a">Clough family.</subfield>
  </datafield>
  <datafield tag="700" ind1="1" ind2=" ">
    <subfield code="a">Speare, Eva A.</subfield>
    <subfield code="q">(Eva Augusta), Speare,</subfield>
    <subfield code="d">1875-1972.</subfield>
  </datafield>
  <datafield tag="852" ind1="8" ind2=" ">
    <subfield code="a">MiU-H</subfield>
    <subfield code="b">BENT</subfield>
    <subfield code="h">85579 Aa 2 Box 5</subfield>
  </datafield>
  <datafield tag="998" ind1=" " ind2=" ">
    <subfield code="c">OV</subfield>
  </datafield>
  <datafield tag="955" ind1=" " ind2=" ">
    <subfield code="b">BENT</subfield>
    <subfield code="p">39015071894955</subfield>
  </datafield>
</record>
